@misc{ 
	DWG-file-history,
	Author = {Anonimo},
	Title = {DWG},
	Howpublished = {\url{http://es.wikipedia.org/wiki/DWG}}
}

@misc{ 
	Open-design,
	Author = {Open Design Alliance},
	Howpublished = {\url{http://www.opendesign.com}}
}